% Bibliographic database

%
% Books
%

@book{MB:1,
    author    = "J. Murray Barbour",
    title     = "Tuning and Temperament: A Historical Survey",
    address   = "Mineola, New York",
    publisher = "Dover Publications, Inc.",
    year      = "2004",
}

@book{RD:1,
    author    = "Ross W. Duffin",
    title     = "How Equal Temperament Ruined Harmony (and Why You Should Care)",
    address   = "New York, NY",
    publisher = "W.W. Norton \& Company",
    year      = "2007",
}

@book{ML:1,
    author    = "Mark Lindley",
    title     = "Lutes, viols and temperaments",
    address   = "Cambridge",
    publisher = "Cambridge University Press",
    year      = "1984",
}

@book{LG:1,
    author    = "Luis G\'{a}sser",
    title     = "Luis Mil\'{a}n on Sixteenth-Century Performance Practice",
    series    = "Publications of the Early Music Institute",
    editor    = "Thomas Binkley",
    address   = "Bloomington, Indiana",
    publisher = "Indiana University Press",
    year      = "1996",
}

@book{PFT:1,
    author    = "Pier. Francesco Tosi",
    title     = "Observations on the Florid Song",
    note      = "Translated by Mr. Galliard",
    address   = "London",
    publisher = "J. Wilcox",
    year      = "1743",
}

@book{JJQ:1,
    author    = "Johann Joachim Quantz",
    title     = "On Playing the Flute",
    edition   = "Second edition",
    note      = "Translated with notes and an introduction by Edward R. Reilly",
    address   = "Boston",
    publisher = "Northeastern University Press",
}

@book{DH:1,
    author    = "D. Heartz",
    title     = "Pierre Attaingnant, Royal Printer of Music",
    address   = "Berkeley",
    year      = "1969",
}



%
% Chapters in books
%

@incollection{CN:1,
    author    = "Catherine Nolan",
    title     = "Music theory and mathematics",
    booktitle = "The Cambridge History of Western Music Theory",
    editor    = "Thomas Christensen",
    address   = "Cambridge",
    publisher = "Cambridge University Press",
    year      = "2002",
}

@incollection{RR:1,
    author    = "Rudolf Rasch",
    title     = "Tuning and temperament",
    booktitle = "The Cambridge History of Western Music Theory",
    editor    = "Thomas Christensen",
    address   = "Cambridge",
    publisher = "Cambridge University Press",
    year      = "2002",
}

@incollection{TJM:1,
    author    = "Thomas J. Mathiesen",
    title     = "Greek music theory",
    booktitle = "The Cambridge History of Western Music Theory",
    editor    = "Thomas Christensen",
    address   = "Cambridge",
    publisher = "Cambridge University Press",
    year      = "2002",
}



%
% Articles
%

@article{BH:1,
    author    = "Bruce Haynes",
    title     = "Beyond Temperament: Non-Keyboard Intonation in the 17th and 18th Centuries",
    journal   = "Early Music",
    year      = "1991",
    volume    = "19",
    number    = "3",
    month     = "8",
}

@article{PV:1,
    author    = "Philippe Vendrix",
    title     = "Fin{\'e}, Oronce",
    journal   = "Grove Music Online. Oxford Music Online.  ",
    year      = "29 Mar. 2011",
    number    = "<http://www.oxfordmusiconline.com/subscriber/article/grove/music/09666",
}

@article{DE:1,
    author    = "Dawn Astrid Espinosa, trans.",
    title     = "Juan Bermudo 'On Playing the Vihuela' ('De ta{\~n}er vihuela) from Declaraci{\'o}n de instrumentos musicales (Osuna, 1555)",
    journal   = "Grove Music Online. Oxford Music Online.  ",
    year      = "1995-96",
    volume    = "38-39",
}

@article{RB:1,
    author    = "Richard D. Bodig, trans.",
    title     = "Ganassi's Regola Rubertina",
    journal   = "Journal of the Viola Da Gamba Society of America",
    year      = "1981",
    month     = "December",
    volume    = "18",
}

@article{RB:2,
    author    = "Richard D. Bodig, trans.",
    title     = "Ganassi's Regola Rubertina (Conclusion)",
    journal   = "Journal of the Viola Da Gamba Society of America",
    year      = "1982",
    month     = "December",
    volume    = "19",
}

@article{RB:3,
    author    = "Richard D. Bodig",
    title     = "Silvestro Ganassi's \textit{Regola Rubertina}: Revelations and Questions",
    journal   = "Journal of the Viola Da Gamba Society of America",
    year      = "1977",
    month     = "December",
    volume    = "14",
}

